@misc{web1, 
    title = {C - C 11 Memory Model: c Tutorial},
    url = {https://riptutorial.com/cplusplus/topic/7975/cplusplus11-memory-model},
    journal = {C - C 11 Memory Model | c Tutorial}
}
    
@misc{web2,
    title={Memory Consistency Models: A Tutorial},
    url={https://www.cs.utexas.edu/~bornholt/post/memory-models.html},
    journal={Memory Consistency Models: A Tutorial}
}\\
