@misc{web1, 
    title = {C - C 11 Memory Model: c Tutorial},
    url = {https://riptutorial.com/cplusplus/topic/7975/cplusplus11-memory-model},
    journal = {C - C 11 Memory Model | c Tutorial}
}
    
@misc{web2,
    title={Memory Consistency Models: A Tutorial},
    url={https://www.cs.utexas.edu/~bornholt/post/memory-models.html},
    journal={Memory Consistency Models: A Tutorial}
}
@inproceedings{abdulla-tso-fences,
	author = {Abdulla, Parosh and Atig, Mohamed Faouzi and Chen, Yu-Fang and Leonardsson, Carl and Rezine, Ahmed},
	year = {2012},
	month = {03},
	pages = {204-219},
	title = {Counter-Example Guided Fence Insertion under TSO},
	doi = {10.1007/978-3-642-28756-5_15}
}
